@book{link,
  title={http://latestarduinoprojects.blogspot.in/2014/09/how-to-build-arduino-powered-chess.html},
}
